
@ARTICLE{Abraham1996,
   author = {{Abraham}, R.~G. and {Tanvir}, N.~R. and {Santiago}, B.~X. and 
	{Ellis}, R.~S. and {Glazebrook}, K. and {van den Bergh}, S.},
    title = "{Galaxy morphology to I=25 mag in the Hubble Deep Field}",
  journal = {\mnras},
   eprint = {astro-ph/9602044},
 keywords = {GALAXIES: EVOLUTION, GALAXIES: FORMATION, COSMOLOGY: OBSERVATIONS},
     year = 1996,
    month = apr,
   volume = 279,
    pages = {L47-L52},
      doi = {10.1093/mnras/279.3.47L},
   adsurl = {http://adsabs.harvard.edu/abs/1996MNRAS.279L..47A},
  adsnote = {Provided by the SAO/NASA Astrophysics Data System}
}

@ARTICLE{Abraham2003,
   author = {{Abraham}, R.~G. and {van den Bergh}, S. and {Nair}, P.},
    title = "{A New Approach to Galaxy Morphology. I. Analysis of the Sloan Digital Sky Survey Early Data Release}",
  journal = {\apj},
   eprint = {astro-ph/0301239},
 keywords = {Galaxies: Evolution, Galaxies: Fundamental Parameters},
     year = 2003,
    month = may,
   volume = 588,
    pages = {218-229},
      doi = {10.1086/373919},
   adsurl = {http://adsabs.harvard.edu/abs/2003ApJ...588..218A},
  adsnote = {Provided by the SAO/NASA Astrophysics Data System}
}

@ARTICLE{NairAbraham2010,
   author = {{Nair}, P.~B. and {Abraham}, R.~G.},
    title = "{A Catalog of Detailed Visual Morphological Classifications for 14,034 Galaxies in the Sloan Digital Sky Survey}",
  journal = {\apjs},
archivePrefix = "arXiv",
   eprint = {1001.2401},
 keywords = {catalogs, galaxies: fundamental parameters, galaxies: photometry, galaxies: structure},
     year = 2010,
    month = feb,
   volume = 186,
    pages = {427-456},
      doi = {10.1088/0067-0049/186/2/427},
   adsurl = {http://adsabs.harvard.edu/abs/2010ApJS..186..427N},
  adsnote = {Provided by the SAO/NASA Astrophysics Data System}
}

@ARTICLE{Lotz2004,
   author = {{Lotz}, J.~M. and {Primack}, J. and {Madau}, P.},
    title = "{A New Nonparametric Approach to Galaxy Morphological Classification}",
  journal = {\aj},
   eprint = {astro-ph/0311352},
 keywords = {Galaxies: Fundamental Parameters, Galaxies: High-Redshift, Galaxies: Peculiar, Galaxies: Structure},
     year = 2004,
    month = jul,
   volume = 128,
    pages = {163-182},
      doi = {10.1086/421849},
   adsurl = {http://adsabs.harvard.edu/abs/2004AJ....128..163L},
  adsnote = {Provided by the SAO/NASA Astrophysics Data System}
}

@ARTICLE{Kartaltepe2015,
   author = {{Kartaltepe}, J.~S. and {Mozena}, M. and {Kocevski}, D. and 
	{McIntosh}, D.~H. and {Lotz}, J. and {Bell}, E.~F. and {Faber}, S. and 
	{Ferguson}, H. and {Koo}, D. and {Bassett}, R. and {Bernyk}, M. and 
	{Blancato}, K. and {Bournaud}, F. and {Cassata}, P. and {Castellano}, M. and 
	{Cheung}, E. and {Conselice}, C.~J. and {Croton}, D. and {Dahlen}, T. and 
	{de Mello}, D.~F. and {DeGroot}, L. and {Donley}, J. and {Guedes}, J. and 
	{Grogin}, N. and {Hathi}, N. and {Hilton}, M. and {Hollon}, B. and 
	{Koekemoer}, A. and {Liu}, N. and {Lucas}, R.~A. and {Martig}, M. and 
	{McGrath}, E. and {McPartland}, C. and {Mobasher}, B. and {Morlock}, A. and 
	{O'Leary}, E. and {Peth}, M. and {Pforr}, J. and {Pillepich}, A. and 
	{Rosario}, D. and {Soto}, E. and {Straughn}, A. and {Telford}, O. and 
	{Sunnquist}, B. and {Trump}, J. and {Weiner}, B. and {Wuyts}, S.
	},
    title = "{CANDELS Visual Classifications: Scheme, Data Release, and First Results}",
  journal = {\apjs},
archivePrefix = "arXiv",
   eprint = {1401.2455},
 keywords = {cosmology: observations, galaxies: evolution, galaxies: high-redshift},
     year = 2015,
    month = nov,
   volume = 221,
      eid = {11},
    pages = {11},
      doi = {10.1088/0067-0049/221/1/11},
   adsurl = {http://adsabs.harvard.edu/abs/2015ApJS..221...11K},
  adsnote = {Provided by the SAO/NASA Astrophysics Data System}
}

@ARTICLE{Peng2002,
   author = {{Peng}, C.~Y. and {Ho}, L.~C. and {Impey}, C.~D. and {Rix}, H.-W.
	},
    title = "{Detailed Structural Decomposition of Galaxy Images}",
  journal = {\aj},
   eprint = {astro-ph/0204182},
 keywords = {Galaxies: Bulges, Galaxies: Fundamental Parameters, Galaxies: Nuclei, Galaxies: Structure, Techniques: Image Processing, Techniques: Photometric},
     year = 2002,
    month = jul,
   volume = 124,
    pages = {266-293},
      doi = {10.1086/340952},
   adsurl = {http://adsabs.harvard.edu/abs/2002AJ....124..266P},
  adsnote = {Provided by the SAO/NASA Astrophysics Data System}
}

@ARTICLE{2002ApJS..142....1S,
   author = {{Simard}, L. and {Willmer}, C.~N.~A. and {Vogt}, N.~P. and {Sarajedini}, V.~L. and 
	{Phillips}, A.~C. and {Weiner}, B.~J. and {Koo}, D.~C. and {Im}, M. and 
	{Illingworth}, G.~D. and {Faber}, S.~M.},
    title = "{The DEEP Groth Strip Survey. II. Hubble Space Telescope Structural Parameters of Galaxies in the Groth Strip}",
  journal = {\apjs},
   eprint = {astro-ph/0205025},
 keywords = {Galaxies: Evolution, Galaxies: Fundamental Parameters, Galaxies: High-Redshift},
     year = 2002,
    month = sep,
   volume = 142,
    pages = {1-33},
      doi = {10.1086/341399},
   adsurl = {http://adsabs.harvard.edu/abs/2002ApJS..142....1S},
  adsnote = {Provided by the SAO/NASA Astrophysics Data System}
}

@ARTICLE{Blanton2003,
   author = {{Blanton}, M.~R. and {Hogg}, D.~W. and {Bahcall}, N.~A. and 
	{Baldry}, I.~K. and {Brinkmann}, J. and {Csabai}, I. and {Eisenstein}, D. and 
	{Fukugita}, M. and {Gunn}, J.~E. and {Ivezi{\'c}}, {\v Z}. and 
	{Lamb}, D.~Q. and {Lupton}, R.~H. and {Loveday}, J. and {Munn}, J.~A. and 
	{Nichol}, R.~C. and {Okamura}, S. and {Schlegel}, D.~J. and 
	{Shimasaku}, K. and {Strauss}, M.~A. and {Vogeley}, M.~S. and 
	{Weinberg}, D.~H.},
    title = "{The Broadband Optical Properties of Galaxies with Redshifts 0.02$\lt$z$\lt$0.22}",
  journal = {\apj},
   eprint = {astro-ph/0209479},
 keywords = {Galaxies: Fundamental Parameters, Galaxies: Photometry, Galaxies: Statistics},
     year = 2003,
    month = sep,
   volume = 594,
    pages = {186-207},
      doi = {10.1086/375528},
   adsurl = {http://adsabs.harvard.edu/abs/2003ApJ...594..186B},
  adsnote = {Provided by the SAO/NASA Astrophysics Data System}
}

@ARTICLE{Schade1995,
   author = {{Schade}, D. and {Lilly}, S.~J. and {Crampton}, D. and {Hammer}, F. and 
	{Le Fevre}, O. and {Tresse}, L.},
    title = "{Canada-France Redshift Survey: Hubble Space Telescope Imaging of High-Redshift Field Galaxies}",
  journal = {\apjl},
   eprint = {astro-ph/9507028},
 keywords = {GALAXIES: EVOLUTION, GALAXIES: FUNDAMENTAL PARAMETERS},
     year = 1995,
    month = sep,
   volume = 451,
    pages = {L1},
      doi = {10.1086/309677},
   adsurl = {http://adsabs.harvard.edu/abs/1995ApJ...451L...1S},
  adsnote = {Provided by the SAO/NASA Astrophysics Data System}
}

@ARTICLE{Bershady2000,
   author = {{Bershady}, M.~A. and {Jangren}, A. and {Conselice}, C.~J.},
    title = "{Structural and Photometric Classification of Galaxies. I. Calibration Based on a Nearby Galaxy Sample}",
  journal = {\aj},
   eprint = {astro-ph/0002262},
 keywords = {Galaxies: Compact, Galaxies: Fundamental Parameters, Galaxies: Starburst},
     year = 2000,
    month = jun,
   volume = 119,
    pages = {2645-2663},
      doi = {10.1086/301386},
   adsurl = {http://adsabs.harvard.edu/abs/2000AJ....119.2645B},
  adsnote = {Provided by the SAO/NASA Astrophysics Data System}
}

@ARTICLE{Conselice2000,
   author = {{Conselice}, C.~J. and {Bershady}, M.~A. and {Jangren}, A.},
    title = "{The Asymmetry of Galaxies: Physical Morphology for Nearby and High-Redshift Galaxies}",
  journal = {\apj},
   eprint = {astro-ph/9907399},
 keywords = {GALAXIES: PHOTOMETRY, GALAXIES: STRUCTURE, Galaxies: Photometry, Galaxies: Structure},
     year = 2000,
    month = feb,
   volume = 529,
    pages = {886-910},
      doi = {10.1086/308300},
   adsurl = {http://adsabs.harvard.edu/abs/2000ApJ...529..886C},
  adsnote = {Provided by the SAO/NASA Astrophysics Data System}
}

@ARTICLE{Conselice2003,
   author = {{Conselice}, C.~J.},
    title = "{The Relationship between Stellar Light Distributions of Galaxies and Their Formation Histories}",
  journal = {\apjs},
   eprint = {astro-ph/0303065},
 keywords = {Galaxies: Evolution, Galaxies: Formation, Galaxies: Structure},
     year = 2003,
    month = jul,
   volume = 147,
    pages = {1-28},
      doi = {10.1086/375001},
   adsurl = {http://adsabs.harvard.edu/abs/2003ApJS..147....1C},
  adsnote = {Provided by the SAO/NASA Astrophysics Data System}
}

@ARTICLE{Odewahn1996,
   author = {{Odewahn}, S.~C. and {Windhorst}, R.~A. and {Driver}, S.~P. and 
	{Keel}, W.~C.},
    title = "{Automated Morphological Classification in Deep Hubble Space Telescope UBVI Fields: Rapidly and Passively Evolving Faint Galaxy Populations}",
  journal = {\apjl},
 keywords = {GALAXIES: ELLIPTICAL AND LENTICULAR, CD, GALAXIES: SPIRAL, GALAXIES: IRREGULAR, GALAXIES: EVOLUTION, GALAXIES: FORMATION},
     year = 1996,
    month = nov,
   volume = 472,
    pages = {L13},
      doi = {10.1086/310345},
   adsurl = {http://adsabs.harvard.edu/abs/1996ApJ...472L..13O},
  adsnote = {Provided by the SAO/NASA Astrophysics Data System}
}

@ARTICLE{Naim1997,
   author = {{Naim}, A. and {Ratnatunga}, K.~U. and {Griffiths}, R.~E.},
    title = "{Quantitative Morphology of Moderate-Redshift Galaxies: How Many Peculiar Galaxies Are There?}",
  journal = {\apj},
   eprint = {astro-ph/9609075},
 keywords = {Galaxies: Evolution, Galaxies: Peculiar, Galaxies: Structure},
     year = 1997,
    month = feb,
   volume = 476,
    pages = {510-520},
   adsurl = {http://adsabs.harvard.edu/abs/1997ApJ...476..510N},
  adsnote = {Provided by the SAO/NASA Astrophysics Data System}
}

@ARTICLE{Refregier2003a,
   author = {{Refregier}, A.},
    title = "{Shapelets - I. A method for image analysis}",
  journal = {\mnras},
   eprint = {astro-ph/0105178},
 keywords = {gravitational lensing, methods: analytical, methods: data analysis, techniques: image processing, surveys},
     year = 2003,
    month = jan,
   volume = 338,
    pages = {35-47},
      doi = {10.1046/j.1365-8711.2003.05901.x},
   adsurl = {http://adsabs.harvard.edu/abs/2003MNRAS.338...35R},
  adsnote = {Provided by the SAO/NASA Astrophysics Data System}
}

@ARTICLE{Refregier2003b,
   author = {{Refregier}, A. and {Bacon}, D.},
    title = "{Shapelets - II. A method for weak lensing measurements}",
  journal = {\mnras},
   eprint = {astro-ph/0105179},
 keywords = {gravitational lensing, methods: data analysis, techniques: image processing, cosmology: observations, dark matter, large-scale structure of Universe},
     year = 2003,
    month = jan,
   volume = 338,
    pages = {48-56},
      doi = {10.1046/j.1365-8711.2003.05902.x},
   adsurl = {http://adsabs.harvard.edu/abs/2003MNRAS.338...48R},
  adsnote = {Provided by the SAO/NASA Astrophysics Data System}
}

@ARTICLE{KellyMcKay2004,
   author = {{Kelly}, B.~C. and {McKay}, T.~A.},
    title = "{Morphological Classification of Galaxies by Shapelet Decomposition in the Sloan Digital Sky Survey}",
  journal = {\aj},
   eprint = {astro-ph/0307395},
 keywords = {Galaxies: Fundamental Parameters, Galaxies: Statistics, Methods: Data Analysis, Methods: Statistical, Techniques: Image Processing},
     year = 2004,
    month = feb,
   volume = 127,
    pages = {625-645},
      doi = {10.1086/380934},
   adsurl = {http://adsabs.harvard.edu/abs/2004AJ....127..625K},
  adsnote = {Provided by the SAO/NASA Astrophysics Data System}
}

@ARTICLE{Armstrong2016,
   author = {{Armstrong}, D.~J. and {Kirk}, J. and {Lam}, K.~W.~F. and {McCormac}, J. and 
	{Osborn}, H.~P. and {Spake}, J. and {Walker}, S. and {Brown}, D.~J.~A. and 
	{Kristiansen}, M.~H. and {Pollacco}, D. and {West}, R. and {Wheatley}, P.~J.
	},
    title = "{K2 variable catalogue - II. Machine learning classification of variable stars and eclipsing binaries in K2 fields 0-4}",
  journal = {\mnras},
archivePrefix = "arXiv",
   eprint = {1512.01246},
 primaryClass = "astro-ph.SR",
 keywords = {methods: data analysis, techniques: photometric, catalogues, binaries: eclipsing, stars: variables: general},
     year = 2016,
    month = feb,
   volume = 456,
    pages = {2260-2272},
      doi = {10.1093/mnras/stv2836},
   adsurl = {http://adsabs.harvard.edu/abs/2016MNRAS.456.2260A},
  adsnote = {Provided by the SAO/NASA Astrophysics Data System}
}

@ARTICLE{Huertas-Company2015,
   author = {{Huertas-Company}, M. and {Gravet}, R. and {Cabrera-Vives}, G. and 
	{P{\'e}rez-Gonz{\'a}lez}, P.~G. and {Kartaltepe}, J.~S. and 
	{Barro}, G. and {Bernardi}, M. and {Mei}, S. and {Shankar}, F. and 
	{Dimauro}, P. and {Bell}, E.~F. and {Kocevski}, D. and {Koo}, D.~C. and 
	{Faber}, S.~M. and {Mcintosh}, D.~H.},
    title = "{A Catalog of Visual-like Morphologies in the 5 CANDELS Fields Using Deep Learning}",
  journal = {\apjs},
archivePrefix = "arXiv",
   eprint = {1509.05429},
 keywords = {catalogs, galaxies: high-redshift, galaxies: structure, surveys},
     year = 2015,
    month = nov,
   volume = 221,
      eid = {8},
    pages = {8},
      doi = {10.1088/0067-0049/221/1/8},
   adsurl = {http://adsabs.harvard.edu/abs/2015ApJS..221....8H},
  adsnote = {Provided by the SAO/NASA Astrophysics Data System}
}

@ARTICLE{Willett2013,
   author = {{Willett}, K.~W. and {Lintott}, C.~J. and {Bamford}, S.~P. and 
	{Masters}, K.~L. and {Simmons}, B.~D. and {Casteels}, K.~R.~V. and 
	{Edmondson}, E.~M. and {Fortson}, L.~F. and {Kaviraj}, S. and 
	{Keel}, W.~C. and {Melvin}, T. and {Nichol}, R.~C. and {Raddick}, M.~J. and 
	{Schawinski}, K. and {Simpson}, R.~J. and {Skibba}, R.~A. and 
	{Smith}, A.~M. and {Thomas}, D.},
    title = "{Galaxy Zoo 2: detailed morphological classifications for 304 122 galaxies from the Sloan Digital Sky Survey}",
  journal = {\mnras},
archivePrefix = "arXiv",
   eprint = {1308.3496},
 keywords = {methods: data analysis, catalogues, galaxies: elliptical and lenticular, galaxies: general, galaxies: spiral},
     year = 2013,
    month = nov,
   volume = 435,
    pages = {2835-2860},
      doi = {10.1093/mnras/stt1458},
   adsurl = {http://adsabs.harvard.edu/abs/2013MNRAS.435.2835W},
  adsnote = {Provided by the SAO/NASA Astrophysics Data System}
}


@ARTICLE{Scarlata2007,
   author = {{Scarlata}, C. and {Carollo}, C.~M. and {Lilly}, S. and {Sargent}, M.~T. and 
	{Feldmann}, R. and {Kampczyk}, P. and {Porciani}, C. and {Koekemoer}, A. and 
	{Scoville}, N. and {Kneib}, J.-P. and {Leauthaud}, A. and {Massey}, R. and 
	{Rhodes}, J. and {Tasca}, L. and {Capak}, P. and {Maier}, C. and 
	{McCracken}, H.~J. and {Mobasher}, B. and {Renzini}, A. and 
	{Taniguchi}, Y. and {Thompson}, D. and {Sheth}, K. and {Ajiki}, M. and 
	{Aussel}, H. and {Murayama}, T. and {Sanders}, D.~B. and {Sasaki}, S. and 
	{Shioya}, Y. and {Takahashi}, M.},
    title = "{COSMOS Morphological Classification with the Zurich Estimator of Structural Types (ZEST) and the Evolution Since z = 1 of the Luminosity Function of Early, Disk, and Irregular Galaxies}",
  journal = {\apjs},
 keywords = {Cosmology: Observations, Cosmology: Dark Matter, Galaxies: Evolution, Galaxies: Formation, Cosmology: Large-Scale Structure of Universe, Surveys},
     year = 2007,
    month = sep,
   volume = 172,
    pages = {406-433},
      doi = {10.1086/516582},
   adsurl = {http://adsabs.harvard.edu/abs/2007ApJS..172..406S},
  adsnote = {Provided by the SAO/NASA Astrophysics Data System}
}

@ARTICLE{Marshall2015,
   author = {{Marshall}, P.~J. and {Lintott}, C.~J. and {Fletcher}, L.~N.
	},
    title = "{Ideas for Citizen Science in Astronomy}",
  journal = {\araa},
archivePrefix = "arXiv",
   eprint = {1409.4291},
 primaryClass = "astro-ph.IM",
     year = 2015,
    month = aug,
   volume = 53,
    pages = {247-278},
      doi = {10.1146/annurev-astro-081913-035959},
   adsurl = {http://adsabs.harvard.edu/abs/2015ARA%26A..53..247M},
  adsnote = {Provided by the SAO/NASA Astrophysics Data System}
}

@ARTICLE{Marshall2016,
   author = {{Marshall}, P.~J. and {Verma}, A. and {More}, A. and {Davis}, C.~P. and 
	{More}, S. and {Kapadia}, A. and {Parrish}, M. and {Snyder}, C. and 
	{Wilcox}, J. and {Baeten}, E. and {Macmillan}, C. and {Cornen}, C. and 
	{Baumer}, M. and {Simpson}, E. and {Lintott}, C.~J. and {Miller}, D. and 
	{Paget}, E. and {Simpson}, R. and {Smith}, A.~M. and {K{\"u}ng}, R. and 
	{Saha}, P. and {Collett}, T.~E.},
    title = "{SPACE WARPS - I. Crowdsourcing the discovery of gravitational lenses}",
  journal = {\mnras},
archivePrefix = "arXiv",
   eprint = {1504.06148},
 primaryClass = "astro-ph.IM",
 keywords = {gravitational lensing: strong, methods: statistical},
     year = 2016,
    month = jan,
   volume = 455,
    pages = {1171-1190},
      doi = {10.1093/mnras/stv2009},
   adsurl = {http://adsabs.harvard.edu/abs/2016MNRAS.455.1171M},
  adsnote = {Provided by the SAO/NASA Astrophysics Data System}
}









